@article{naselaris2011encoding,
  title={Encoding and decoding in fMRI},
  author={Naselaris, Thomas and Kay, Kendrick N and Nishimoto, Shinji and Gallant, Jack L},
  journal={NeuroImage},
  volume={56},
  number={2},
  pages={400--410},
  year={2011},
  publisher={Elsevier}
}

@article{kay2008identifying,
  title={Identifying natural images from human brain activity},
  author={Kay, Kendrick N and Naselaris, Thomas and Prenger, Ryan J and Gallant, Jack L},
  journal={Nature},
  volume={452},
  number={7185},
  pages={352--355},
  year={2008},
  publisher={Nature Publishing Group}
}

@article{kamitani2005decoding,
  title={Decoding the visual and subjective contents of the human brain},
  author={Kamitani, Yukiyasu and Tong, Frank},
  journal={Nature Neuroscience},
  volume={8},
  number={5},
  pages={679--685},
  year={2005},
  publisher={Nature Publishing Group}
}

@article{miyawaki2008visual,
  title={Visual image reconstruction from human brain activity using a combination of multiscale local image decoders},
  author={Miyawaki, Yoichi and Uchida, Hajime and Yamashita, Okito and Sato, Masa-aki and Morito, Yusuke and Tanabe, Hiroki C and Sadato, Norihiro and Kamitani, Yukiyasu},
  journal={Neuron},
  volume={60},
  number={5},
  pages={915--929},
  year={2008},
  publisher={Elsevier}
}

@article{shen2019deep,
  title={Deep image reconstruction from human brain activity},
  author={Shen, Guohua and Horikawa, Tomoyasu and Majima, Kei and Kamitani, Yukiyasu},
  journal={PLoS Computational Biology},
  volume={15},
  number={1},
  pages={e1006633},
  year={2019},
  publisher={Public Library of Science}
}

@article{ozcelik2022natural,
  title={Natural scene reconstruction from fMRI signals using generative latent diffusion},
  author={Ozcelik, Furkan and VanRullen, Rufin},
  journal={arXiv preprint arXiv:2209.11169},
  year={2022}
}

@article{begoli2019need,
  title={The need for uncertainty quantification in machine-assisted medical decision making},
  author={Begoli, Edmon and Bhattacharya, Tanmoy and Kusnezov, Dimitri},
  journal={Nature Machine Intelligence},
  volume={1},
  number={1},
  pages={20--23},
  year={2019},
  publisher={Nature Publishing Group}
}

@article{chen2023seeing,
  title={Seeing beyond the brain: Conditional diffusion model with sparse masked modeling for vision decoding},
  author={Chen, Zijiao and Qing, Jiaxin and Xiang, Tiange and Yue, Wan Lin and Zhou, Juan Helen},
  journal={Proceedings of the IEEE/CVF Conference on Computer Vision and Pattern Recognition},
  pages={22710--22720},
  year={2023}
}

@article{lin2019neural,
  title={Neural encoding and decoding with deep learning for dynamic natural vision},
  author={Lin, Shanglin and Zhang, Yuting and Li, Qing and Li, Yizhen and Feng, Jiahui and Wang, Jianfeng and Huang, Tiejun},
  journal={Cerebral Cortex},
  volume={29},
  number={10},
  pages={4180--4193},
  year={2019},
  publisher={Oxford University Press}
}

@article{naselaris2009bayesian,
  title={Bayesian reconstruction of natural images from human brain activity},
  author={Naselaris, Thomas and Prenger, Ryan J and Kay, Kendrick N and Oliver, Michael and Gallant, Jack L},
  journal={Neuron},
  volume={63},
  number={6},
  pages={902--915},
  year={2009},
  publisher={Elsevier}
}

@article{nishimoto2011reconstructing,
  title={Reconstructing visual experiences from brain activity evoked by natural movies},
  author={Nishimoto, Shinji and Vu, An T and Naselaris, Thomas and Benjamini, Yuval and Yu, Bin and Gallant, Jack L},
  journal={Current Biology},
  volume={21},
  number={19},
  pages={1641--1646},
  year={2011},
  publisher={Elsevier}
}

@article{st2014feature,
  title={Feature-space selection with banded ridge regression},
  author={St-Yves, Ghislain and Naselaris, Thomas},
  journal={NeuroImage},
  volume={95},
  pages={53--65},
  year={2014},
  publisher={Elsevier}
}

@article{du2017visual,
  title={Visual imagery decoding from human brain activity using machine learning},
  author={Du, Changde and Du, Changying and He, Huiguang},
  journal={NeuroImage},
  volume={148},
  pages={272--283},
  year={2017},
  publisher={Elsevier}
}

@article{seeliger2018generative,
  title={Generative adversarial networks for reconstructing natural images from brain activity},
  author={Seeliger, Katja and G{\"u}{\c{c}}l{\"u}, Umut and Ambrogioni, Luca and G{\"u}{\c{c}}l{\"u}t{\"u}rk, Yagmur and van Gerven, Marcel AJ},
  journal={NeuroImage},
  volume={181},
  pages={775--785},
  year={2018},
  publisher={Elsevier}
}

@article{arjovsky2017wasserstein,
  title={Wasserstein generative adversarial networks},
  author={Arjovsky, Martin and Chintala, Soumith and Bottou, L{\'e}on},
  journal={International Conference on Machine Learning},
  pages={214--223},
  year={2017},
  organization={PMLR}
}

@article{rombach2022high,
  title={High-resolution image synthesis with latent diffusion models},
  author={Rombach, Robin and Blattmann, Andreas and Lorenz, Dominik and Esser, Patrick and Ommer, Bj{\"o}rn},
  journal={Proceedings of the IEEE/CVF Conference on Computer Vision and Pattern Recognition},
  pages={10684--10695},
  year={2022}
}

@article{wolpaw2002brain,
  title={Brain--computer interfaces for communication and control},
  author={Wolpaw, Jonathan R and Birbaumer, Niels and McFarland, Dennis J and Pfurtscheller, Gert and Vaughan, Theresa M},
  journal={Clinical Neurophysiology},
  volume={113},
  number={6},
  pages={767--791},
  year={2002},
  publisher={Elsevier}
}

@article{kendall2017uncertainties,
  title={What uncertainties do we need in bayesian deep learning for computer vision?},
  author={Kendall, Alex and Gal, Yarin},
  journal={Advances in Neural Information Processing Systems},
  volume={30},
  year={2017}
}

@article{ramsey2006real,
  title={Real-time functional magnetic resonance imaging and robotic radiosurgery: technical advance},
  author={Ramsey, Nick F and Sommer, Iris EC and Rutten, Geert-Jan and Kahn, Ren{\'e} S},
  journal={Neurosurgery},
  volume={58},
  number={4},
  pages={696--705},
  year={2006},
  publisher={Oxford University Press}
}

@article{gal2016dropout,
  title={Dropout as a bayesian approximation: Representing model uncertainty in deep learning},
  author={Gal, Yarin and Ghahramani, Zoubin},
  journal={International Conference on Machine Learning},
  pages={1050--1059},
  year={2016},
  organization={PMLR}
}

@article{lakshminarayanan2017simple,
  title={Simple and scalable predictive uncertainty estimation using deep ensembles},
  author={Lakshminarayanan, Balaji and Pritzel, Alexander and Blundell, Charles},
  journal={Advances in Neural Information Processing Systems},
  volume={30},
  year={2017}
}

@article{bar2004visual,
  title={Visual objects in context},
  author={Bar, Moshe},
  journal={Nature Reviews Neuroscience},
  volume={5},
  number={8},
  pages={617--629},
  year={2004},
  publisher={Nature Publishing Group}
}

@article{radford2021learning,
  title={Learning transferable visual models from natural language supervision},
  author={Radford, Alec and Kim, Jong Wook and Hallacy, Chris and Ramesh, Aditya and Goh, Gabriel and Agarwal, Sandhini and Sastry, Girish and Askell, Amanda and Mishkin, Pamela and Clark, Jack and others},
  journal={International Conference on Machine Learning},
  pages={8748--8763},
  year={2021},
  organization={PMLR}
}

@article{vaswani2017attention,
  title={Attention is all you need},
  author={Vaswani, Ashish and Shazeer, Noam and Parmar, Niki and Uszkoreit, Jakob and Jones, Llion and Gomez, Aidan N and Kaiser, {\L}ukasz and Polosukhin, Illia},
  journal={Advances in Neural Information Processing Systems},
  volume={30},
  year={2017}
}

@article{felleman1991distributed,
  title={Distributed hierarchical processing in the primate cerebral cortex},
  author={Felleman, Daniel J and Van Essen, David C},
  journal={Cerebral Cortex},
  volume={1},
  number={1},
  pages={1--47},
  year={1991},
  publisher={Oxford University Press}
}

@article{bar2003cortical,
  title={Cortical mechanisms specific to explicit visual object recognition},
  author={Bar, Moshe and Kassam, Karim S and Ghuman, Anjan S and Boshyan, Jenna and Schmid, Andreas M and Dale, Anders M and H{\"a}m{\"a}l{\"a}inen, Matti S and Marinkovic, Ksenija and Schacter, Daniel L and Rosen, Bruce R and others},
  journal={Neuron},
  volume={37},
  number={5},
  pages={811--823},
  year={2003},
  publisher={Elsevier}
}

@article{cichy2014resolving,
  title={Resolving human object recognition in space and time},
  author={Cichy, Radoslaw Martin and Pantazis, Dimitrios and Oliva, Aude},
  journal={Nature Neuroscience},
  volume={17},
  number={3},
  pages={455--462},
  year={2014},
  publisher={Nature Publishing Group}
}

@article{finn2015functional,
  title={Functional connectome fingerprinting: identifying individuals using patterns of brain connectivity},
  author={Finn, Emily S and Shen, Xilin and Scheinost, Dustin and Rosenberg, Monica D and Huang, Jessica and Chun, Marvin M and Papademetris, Xenophon and Constable, R Todd},
  journal={Nature Neuroscience},
  volume={18},
  number={11},
  pages={1664--1671},
  year={2015},
  publisher={Nature Publishing Group}
}

@article{lebedev2006brain,
  title={Brain--machine interfaces: past, present and future},
  author={Lebedev, Mikhail A and Nicolelis, Miguel AL},
  journal={Trends in Neurosciences},
  volume={29},
  number={9},
  pages={536--546},
  year={2006},
  publisher={Elsevier}
}

@article{ienca2017towards,
  title={Towards new human rights in the age of neuroscience and neurotechnology},
  author={Ienca, Marcello and Andorno, Roberto},
  journal={Life Sciences, Society and Policy},
  volume={13},
  number={1},
  pages={1--27},
  year={2017},
  publisher={SpringerOpen}
}
